@Misc{GanttSystem,
    author={GanttProject开发组},
    title={GanttProject主页},
    howpublished={\url{http://www.ganttproject.biz}},
}


@book{Pohl2010Requirements,
  author    = {Klaus Pohl},
  title     = {Requirements Engineering - Fundamentals, Principles, and Techniques},
  publisher = {Springer},
  year      = {2010},
  url       = {http://www.springer.com/computer/swe/book/978-3-642-12577-5?changeHeader},
  isbn      = {978-3-642-12577-5},
  timestamp = {Fri, 04 Feb 2011 11:23:26 +0100},
  biburl    = {https://dblp.org/rec/bib/books/daglib/0024869},
  bibsource = {dblp computer science bibliography, https://dblp.org}
}

@article{DBLP:journals/computer/EgyedZHD18,
  author    = {Alexander Egyed and
              Klaus Zeman and
              Peter Hehenberger and
              Andreas Demuth},
  title     = {Maintaining Consistency across Engineering Artifacts},
  journal   = {{IEEE} Computer},
  volume    = {51},
  number    = {2},
  pages     = {28--35},
  year      = {2018},
  url       = {https://doi.org/10.1109/MC.2018.1451666},
  doi       = {10.1109/MC.2018.1451666},
  timestamp = {Tue, 06 Mar 2018 17:05:11 +0100},
  biburl    = {https://dblp.org/rec/bib/journals/computer/EgyedZHD18},
  bibsource = {dblp computer science bibliography, https://dblp.org}
}

@article{cyg2006,
  title={基于分布式中间件的传感器网络软件体系结构研究},
  author={程远国 and 尹迪},
  journal={计算机工程与科学},
  number={s2},
  pages={4-5},
  year={2006},
}

@article{DBLP:journals/ml/TingZCZWZ19,
  author    = {Kai Ming Ting and
              Ye Zhu and
              Mark J. Carman and
              Yue Zhu and
              Takashi Washio and
              Zhi{-}Hua Zhou},
  title     = {Lowest probability mass neighbour algorithms: relaxing the metric
              constraint in distance-based neighbourhood algorithms},
  journal   = {Machine Learning},
  volume    = {108},
  number    = {2},
  pages     = {331--376},
  year      = {2019},
  url       = {https://doi.org/10.1007/s10994-018-5737-x},
  doi       = {10.1007/s10994-018-5737-x},
  timestamp = {Wed, 06 Mar 2019 08:18:15 +0100},
  biburl    = {https://dblp.org/rec/bib/journals/ml/TingZCZWZ19},
  bibsource = {dblp computer science bibliography, https://dblp.org}
}

@article{刘剑2018软件与网络安全研究综述,
    title={软件与网络安全研究综述},
    author={刘剑 and 苏璞睿 and 杨珉 and 和亮 and 张源 and 朱雪阳 and 林惠民},
    journal={软件学报},
    volume={29},
    number={1},
    pages={42--68},
    year={2018}
}
@article{WebApplication,
    title={Web应用的安全形势与防护策略研究},
    author={谭志超},
    journal={网络安全技术与应用},
    volume={12},
    pages={21-24},
    year={2019}
}
@inproceedings{vuldeepecker,
    address = {Reston, VA},
    archivePrefix = {arXiv},
    arxivId = {1801.01681},
    author = {Li, Zhen and Zou, Deqing and Xu, Shouhuai and Ou, Xinyu and Jin, Hai and Wang, Sujuan and Deng, Zhijun and Zhong, Yuyi},
    booktitle = {Proceedings 2018 Network and Distributed System Security Symposium},
    doi = {10.14722/ndss.2018.23158},
    eprint = {1801.01681},
    file = {:D$\backslash$:/Mendeley/Li et al/Proceedings 2018 Network and Distributed System Security Symposium/Li et al. - 2018 - VulDeePecker A Deep Learning-Based System for Vulnerability Detection.pdf:pdf},
    isbn = {1-891562-49-5},
    month = {jan},
    number = {February},
    publisher = {Internet Society},
    title = {{VulDeePecker: A Deep Learning-Based System for Vulnerability Detection}},
    url = {http://arxiv.org/abs/1801.01681 http://dx.doi.org/10.14722/ndss.2018.23158 https://www.ndss-symposium.org/wp-content/uploads/2018/02/ndss2018{\_}03A-2{\_}Li{\_}paper.pdf},
    year = {2018}
}
